@book{allmann2009situations,
  title={Situations- und szenariobasiertes Anforderungsmanagement in der automotive Elektronikentwicklung},
  author={Allmann, C.},
  isbn={9783736927919},
  series={Audi Dissertationsreihe},
  url={https://books.google.de/books?id=thr\_DwAAQBAJ},
  year={2009},
  publisher={Cuvillier Verlag}
}


@inproceedings{Galinier2018,
author = {Galinier, Florian},
year = {2018},
month = {09},
pages = {932-935},
title = {A DSL for requirements in the context of a seamless approach},
booktitle={2018 33rd IEEE/ACM International Conference on Automated Software Engineering (ASE)},
doi = {10.1145/3238147.3241538}
}

@misc{burt2017,
  title = {Software development risks: the tree swing risk},
  howpublished = "\url{https://blog.codefor.cash/2017/08/30/software-development-risks-the-tree-swing-risk/}",
  year = {2017},
  note = {Online; accessed 30-April-2022},
  author = {Zack Burt}
}

@misc{beck2001manifesto,
  title={Manifesto for agile software development},
  author={Beck, Kent and Beedle, Mike and Van Bennekum, Arie and Cockburn, Alistair and Cunningham, Ward and Fowler, Martin and Grenning, James and Highsmith, Jim and Hunt, Andrew and Jeffries, Ron and others},
  year={2001}
}

https://www.porscheengineering.com/filestore/download/peg/de/magazine-2021-01/default/89eb0b6d-7b56-11eb-80d3-005056bbdc38/Download-Magazine.pdf
@Misc{Mihailovici2021,
  author = 	 {Mihailovici, Marius},
  title = 	 {Wenn Software Software Schreibt},
  howpublished = {Porsche Engineering Magazin},
  month = 	 {1},
  year = 	 {2021},
}

@techreport{automotive_spice,
	Author = {{VDA QMC Working Group 13 / Automotive SIG}},
	Institution = {VDA QMC)},
	Title = {{Automotive SPICE Process Assessment / Reference Model}},
	Year = {2017}
}

@INPROCEEDINGS{6225488,  author={Shen, Mengjiao and Yang, Wenrong and Rong, Guoping and Shao, Dong},  booktitle={2012 Second International Workshop on Software Engineering for Embedded Systems (SEES)},   title={Applying agile methods to embedded software development: A systematic review},   year={2012},  volume={},  number={},  pages={30-36},  doi={10.1109/SEES.2012.6225488}}

@article{charette2005software,
  title={Why software fails},
  author={Charette, Robert N},
  journal={IEEE spectrum},
  volume={42},
  number={9},
  pages={36},
  year={2005},
  publisher={IEEE INSTITUTE OF ELECTRICAL AND ELECTRONICS}
}

@techreport{iso26262_6,
  institution =  {International Organization for Standardization},
  author = {{ISO/TC 22/SC 32}},
  title = {Road vehicles - Functional safety - Part 6: Product development at the software level},
  year = {2018}
}

@TechReport{z,
  title = 	 {Z formal specification notation - Syntax, type system and semantics},
  author      =  {{ISO/IEC JTC 1/SC 22}},
  institution =  {International Organization for Standardization},
  year = 	 {2002},
  key = 	 {ISO 13568:2002},
  type = 	 {Standard},
}

@inproceedings{becker2020,
  title={A Domain-Specific Language Based Architecture Modeling Approach for Safety Critical Automotive Software Systems.},
  author={Schlichthaerle, Stefan and Becker, Klaus and Sperber, Sebastian},
  booktitle={Software Engineering (Workshops)},
  year={2020}
}

@ARTICLE{Leuser2015,
author = {Leuser, J{\"o}rg AND Ballhause, Christoph},
title = {Anforderungen programmieren - eine dom√§nenspezifische Sprache (DSL) im Praxiseinsatz},
journal = {OBJEKTspektrum, Online special Requirements Engineering},
year = {2015},
month = {6},
language = {German}
}

@inproceedings{furst2010challenges,
  title={Challenges in the design of automotive software},
  author={F{\"u}rst, Simon},
  booktitle={Proceedings of the Conference on Design, Automation and Test in Europe},
  pages={256--258},
  year={2010},
  organization={European Design and Automation Association}
}

@inproceedings{broy2006challenges,
  title={Challenges in automotive software engineering},
  author={Broy, Manfred},
  booktitle={Proceedings of the 28th international conference on Software engineering},
  pages={33--42},
  year={2006},
  organization={ACM}
}

@book{knuth1986metafont,
  title={METAFONT: the program},
  author={Knuth, Donald Ervin},
  year={1986},
  publisher={Addison-Wesley Longman Publishing Co., Inc.}
}
